<record xmlns="http://www.loc.gov/MARC21/slim" xmlns:xsi="http://www.w3.org/2001/XMLSchema-instance" xsi:schemaLocation="http://www.loc.gov/MARC21/slim http://www.loc.gov/standards/marcxml/schema/MARC21slim.xsd"><leader>01038cz   2200229n  4500</leader><controlfield tag="001">oca00698274 </controlfield><controlfield tag="005">20010213154302.0</controlfield><controlfield tag="008">820212n| acannaabn          |a aaa      </controlfield><datafield ind1=" " ind2=" " tag="010"><subfield code="a">n  82000920 </subfield><subfield code="z">n  79129028 </subfield></datafield><datafield ind1=" " ind2=" " tag="040"><subfield code="a">DLC</subfield><subfield code="c">DLC</subfield><subfield code="d">DLC</subfield><subfield code="d">MoSU-L</subfield><subfield code="d">DLC</subfield></datafield><datafield ind1="1" ind2=" " tag="100"><subfield code="a">Severus, Lucius Septimius,</subfield><subfield code="c">Emperor of Rome,</subfield><subfield code="d">146-211</subfield></datafield><datafield ind1="0" ind2=" " tag="400"><subfield code="a">Septimius Severus,</subfield><subfield code="d">146-211</subfield></datafield><datafield ind1="0" ind2=" " tag="400"><subfield code="a">Settimio Severo,</subfield><subfield code="c">Emperor of Rome,</subfield><subfield code="d">146-211</subfield></datafield><datafield ind1="1" ind2=" " tag="400"><subfield code="a">Severo, Settimio,</subfield><subfield code="c">Emperor of Rome,</subfield><subfield code="d">146-211</subfield></datafield><datafield ind1="0" ind2=" " tag="400"><subfield code="a">Septime Sévère,</subfield><subfield code="c">Emperor of Rome,</subfield><subfield code="d">146-211</subfield></datafield><datafield ind1="1" ind2=" " tag="400"><subfield code="a">Sévère, Septime,</subfield><subfield code="c">Emperor of Rome,</subfield><subfield code="d">146-211</subfield></datafield><datafield ind1="1" ind2=" " tag="510"><subfield code="a">Rome.</subfield><subfield code="b">Sovereign (193-211 : Severus)</subfield></datafield><datafield ind1=" " ind2=" " tag="670"><subfield code="a">Colliers</subfield><subfield code="b">(Severus, Lucius Septimius, 146-211; Roman emperor)</subfield></datafield><datafield ind1=" " ind2=" " tag="670"><subfield code="a">Brit.</subfield><subfield code="b">(Severus, Lucius Septimius, 146-211; Roman emperor)</subfield></datafield><datafield ind1=" " ind2=" " tag="670"><subfield code="a">Amer.</subfield><subfield code="b">(Severus, Lucius Septimius, 146-211; Roman emperor)</subfield></datafield><datafield ind1=" " ind2=" " tag="670"><subfield code="a">Ninfei ed edifici marittimi severiani del Palatium imperiale di Baia, c1997:</subfield><subfield code="b">p. 11, etc. (Settimio Severo; emperor)</subfield></datafield><datafield ind1=" " ind2=" " tag="670"><subfield code="a">Septime Sévère, c2000.</subfield></datafield></record>